<collection xmlns="http://www.loc.gov/MARC21/slim">
<record>
  <leader>01703nam0a2200301 i 450 </leader>
  <controlfield tag="001">IT\ICCU\CNCE\073770</controlfield>
  <controlfield tag="005">20110412000000.0</controlfield>
  <datafield tag="012" ind1=" " ind2=" ">
    <subfield code="a">s.r. o.on tero RAta (C) 1567 (A)</subfield>
    <subfield code="2">fei</subfield>
  </datafield>
  <datafield tag="100" ind1=" " ind2=" ">
    <subfield code="a">20090304d1567        0itac0103    ba</subfield>
  </datafield>
  <datafield tag="101" ind1=" " ind2=" ">
    <subfield code="a">ITA</subfield>
  </datafield>
  <datafield tag="102" ind1=" " ind2=" ">
    <subfield code="a">IT</subfield>
  </datafield>
  <datafield tag="200" ind1="1" ind2=" ">
    <subfield code="a">℗La ℗vera perfettione del disegno di uarie sorti di ricami, &amp; di cucire ogni sorte di punti  ̉fogliami, punti tagliati, punti  ̉fili, &amp; rimessi, punti incrociati, punti a stuora, &amp; ogn&apos;altra arte che dia opera  ̉disegni. Fatto nuouamente per Giouanni Ostaus</subfield>
  </datafield>
  <datafield tag="210" ind1=" " ind2=" ">
    <subfield code="a">In Venetia</subfield>
    <subfield code="c">appresso Giouanni Ostaus</subfield>
    <subfield code="d">1567</subfield>
    <subfield code="e">Stampato in Venetia</subfield>
    <subfield code="g">per Giouanni Ostaus</subfield>
    <subfield code="h">1567</subfield>
  </datafield>
  <datafield tag="215" ind1=" " ind2=" ">
    <subfield code="a">LXXIX, \1! p.</subfield>
    <subfield code="d">4ʻ obl</subfield>
  </datafield>
  <datafield tag="300" ind1=" " ind2=" ">
    <subfield code="a">Var. B: Nel titolo &quot;arrte&quot; in luogo di &quot;arte&quot;</subfield>
  </datafield>
  <datafield tag="620" ind1=" " ind2=" ">
    <subfield code="a">IT</subfield>
    <subfield code="d">Venezia</subfield>
  </datafield>
  <datafield tag="700" ind1=" " ind2="1">
    <subfield code="a">Ostaus,</subfield>
    <subfield code="b">Giovanni</subfield>
    <subfield code="3">IT\ICCU\CNCA\028579</subfield>
  </datafield>
  <datafield tag="712" ind1="0" ind2="0">
    <subfield code="a">Ostaus, Giovanni</subfield>
    <subfield code="3">IT\ICCU\CNCT\006298</subfield>
    <subfield code="4">650</subfield>
  </datafield>
  <datafield tag="790" ind1=" " ind2="1">
    <subfield code="a">Osteo,</subfield>
    <subfield code="b">Giovanni</subfield>
    <subfield code="3">IT\ICCU\CNCA\028605</subfield>
    <subfield code="z">Ostaus, Giovanni</subfield>
  </datafield>
  <datafield tag="790" ind1=" " ind2="1">
    <subfield code="a">Ostaus,</subfield>
    <subfield code="b">Johannes</subfield>
    <subfield code="3">IT\ICCU\CNCA\028606</subfield>
    <subfield code="z">Ostaus, Giovanni</subfield>
  </datafield>
  <datafield tag="791" ind1="0" ind2="0">
    <subfield code="a">Ostaus, Johannes</subfield>
    <subfield code="3">IT\ICCU\CNCT\006299</subfield>
    <subfield code="z">Ostaus, Giovanni</subfield>
  </datafield>
  <datafield tag="791" ind1="0" ind2="0">
    <subfield code="a">Osteo, Giovanni</subfield>
    <subfield code="3">IT\ICCU\CNCT\006300</subfield>
    <subfield code="z">Ostaus, Giovanni</subfield>
  </datafield>
  <datafield tag="801" ind1=" " ind2="3">
    <subfield code="a">IT</subfield>
    <subfield code="b">ICCU</subfield>
    <subfield code="c">20201115</subfield>
  </datafield>
  <datafield tag="899" ind1=" " ind2=" ">
    <subfield code="a">Biblioteca universitaria. Genova</subfield>
    <subfield code="z">MUTILO</subfield>
    <subfield code="1">GE0038</subfield>
    <subfield code="2">LIG 01</subfield>
  </datafield>
  <datafield tag="899" ind1=" " ind2=" ">
    <subfield code="a">Biblioteca nazionale centrale. Roma</subfield>
    <subfield code="z">MUTILO</subfield>
    <subfield code="1">RM0267</subfield>
    <subfield code="2">BVE CR</subfield>
  </datafield>
  <datafield tag="899" ind1=" " ind2=" ">
    <subfield code="a">Biblioteche della Fondazione Giorgio Cini onlus. Venezia</subfield>
    <subfield code="1">VE0239</subfield>
    <subfield code="2">VEA FC</subfield>
  </datafield>
  <datafield tag="911" ind1=" " ind2=" ">
    <subfield code="a">Sul front.</subfield>
    <subfield code="9">IT\ICCU\CNCM\001545</subfield>
  </datafield>
  <datafield tag="921" ind1=" " ind2=" ">
    <subfield code="a">IT\ICCU\CNCM\001545</subfield>
    <subfield code="b">Vittoria (donna alata e coronata) tiene in una mano un cuore, nell&apos;altra una spada e calpesta il diavolo. In cornice</subfield>
    <subfield code="e">Ego sum via et veritas</subfield>
    <subfield code="c">Z1211</subfield>
    <subfield code="d">Dimensioni: 5,3 x 6,2</subfield>
    <subfield code="f">VITTORIA</subfield>
    <subfield code="f">CUORE</subfield>
    <subfield code="g">1557-1567</subfield>
  </datafield>
</record>
</collection>
